%YAML 1.1
%TAG !u! tag:unity3d.com,2011:
--- !u!243 &-2915811841264165960
AudioMixerGroupController:
  m_ObjectHideFlags: 0
  m_CorrespondingSourceObject: {fileID: 0}
  m_PrefabInstance: {fileID: 0}
  m_PrefabAsset: {fileID: 0}
  m_Name: Music
  m_AudioMixer: {fileID: 24100000}
  m_GroupID: ebe74be5ea36f7a44b5680e6a1629a97
  m_Children: []
  m_Volume: 2ad5673654b007f49875beba318d0a50
  m_Pitch: 6a03b27fad360ca40ad429f8fe80f953
  m_Send: 00000000000000000000000000000000
  m_Effects:
  - {fileID: -2189681751901300533}
  m_UserColorIndex: 6
  m_Mute: 0
  m_Solo: 0
  m_BypassEffects: 0
--- !u!244 &-2189681751901300533
AudioMixerEffectController:
  m_ObjectHideFlags: 3
  m_CorrespondingSourceObject: {fileID: 0}
  m_PrefabInstance: {fileID: 0}
  m_PrefabAsset: {fileID: 0}
  m_Name: 
  m_EffectID: 1d25eb889540714469785d05a2e6dcad
  m_EffectName: Attenuation
  m_MixLevel: 3f179bc2fea93784ba46b31468c8ec29
  m_Parameters: []
  m_SendTarget: {fileID: 0}
  m_EnableWetMix: 0
  m_Bypass: 0
--- !u!244 &-1499032747833681723
AudioMixerEffectController:
  m_ObjectHideFlags: 3
  m_CorrespondingSourceObject: {fileID: 0}
  m_PrefabInstance: {fileID: 0}
  m_PrefabAsset: {fileID: 0}
  m_Name: 
  m_EffectID: af47fa55e15de294c92928d0b9fa04ba
  m_EffectName: Attenuation
  m_MixLevel: f55f8f57f31d15a419cd5035e1da94d0
  m_Parameters: []
  m_SendTarget: {fileID: 0}
  m_EnableWetMix: 0
  m_Bypass: 0
--- !u!243 &-792590081297026152
AudioMixerGroupController:
  m_ObjectHideFlags: 0
  m_CorrespondingSourceObject: {fileID: 0}
  m_PrefabInstance: {fileID: 0}
  m_PrefabAsset: {fileID: 0}
  m_Name: Sounds
  m_AudioMixer: {fileID: 24100000}
  m_GroupID: 7882e04ac68a9e34fba19a56e23e6d84
  m_Children:
  - {fileID: -697263890186087792}
  - {fileID: 1830943357824393331}
  - {fileID: -139731441875458597}
  m_Volume: 459e80797f735104fafed54957b2ef4b
  m_Pitch: 8177c819941f5124380c13798bf71bbe
  m_Send: 00000000000000000000000000000000
  m_Effects:
  - {fileID: -1499032747833681723}
  m_UserColorIndex: 3
  m_Mute: 0
  m_Solo: 0
  m_BypassEffects: 0
--- !u!243 &-697263890186087792
AudioMixerGroupController:
  m_ObjectHideFlags: 0
  m_CorrespondingSourceObject: {fileID: 0}
  m_PrefabInstance: {fileID: 0}
  m_PrefabAsset: {fileID: 0}
  m_Name: Torch
  m_AudioMixer: {fileID: 24100000}
  m_GroupID: 80c37037adab2aa44b043c8216e744bc
  m_Children: []
  m_Volume: 7feea040e06f51c4faec5d2c2347e692
  m_Pitch: 8950ab9fe9d601341a3fbcadd6938090
  m_Send: 00000000000000000000000000000000
  m_Effects:
  - {fileID: 1425881633352570121}
  m_UserColorIndex: 3
  m_Mute: 0
  m_Solo: 0
  m_BypassEffects: 0
--- !u!243 &-139731441875458597
AudioMixerGroupController:
  m_ObjectHideFlags: 0
  m_CorrespondingSourceObject: {fileID: 0}
  m_PrefabInstance: {fileID: 0}
  m_PrefabAsset: {fileID: 0}
  m_Name: Boss
  m_AudioMixer: {fileID: 24100000}
  m_GroupID: 7f8fe09893cd08d47bba0f947d08bb0e
  m_Children: []
  m_Volume: 2b19ce4e90bbf8e48b67bdd964a63eac
  m_Pitch: 0d0abcafe1b701c4289ac1fd7ed8be44
  m_Send: 00000000000000000000000000000000
  m_Effects:
  - {fileID: 2635873059762772642}
  m_UserColorIndex: 3
  m_Mute: 0
  m_Solo: 0
  m_BypassEffects: 0
--- !u!241 &24100000
AudioMixerController:
  m_ObjectHideFlags: 0
  m_CorrespondingSourceObject: {fileID: 0}
  m_PrefabInstance: {fileID: 0}
  m_PrefabAsset: {fileID: 0}
  m_Name: Main
  m_OutputGroup: {fileID: 0}
  m_MasterGroup: {fileID: 24300002}
  m_Snapshots:
  - {fileID: 24500006}
  m_StartSnapshot: {fileID: 24500006}
  m_SuspendThreshold: -80
  m_EnableSuspend: 1
  m_UpdateMode: 0
  m_ExposedParameters:
  - guid: 2b19ce4e90bbf8e48b67bdd964a63eac
    name: BossVolume
  - guid: 2ad5673654b007f49875beba318d0a50
    name: MusicVolume
  - guid: c82f52eb4fbc9524cabdb6d5f1f33fb8
    name: PlayerVolume
  - guid: 459e80797f735104fafed54957b2ef4b
    name: SoundsVolume
  - guid: 7feea040e06f51c4faec5d2c2347e692
    name: TorchVolume
  m_AudioMixerGroupViews:
  - guids:
    - 83d0b48b75783b54b902497d948a47b0
    - ebe74be5ea36f7a44b5680e6a1629a97
    - 7882e04ac68a9e34fba19a56e23e6d84
    - 80c37037adab2aa44b043c8216e744bc
    - f25a782e1e2dd5f46815b3c0f35da21f
    - 7f8fe09893cd08d47bba0f947d08bb0e
    name: View
  m_CurrentViewIndex: 0
  m_TargetSnapshot: {fileID: 24500006}
--- !u!243 &24300002
AudioMixerGroupController:
  m_ObjectHideFlags: 0
  m_CorrespondingSourceObject: {fileID: 0}
  m_PrefabInstance: {fileID: 0}
  m_PrefabAsset: {fileID: 0}
  m_Name: Master
  m_AudioMixer: {fileID: 24100000}
  m_GroupID: 83d0b48b75783b54b902497d948a47b0
  m_Children:
  - {fileID: -2915811841264165960}
  - {fileID: -792590081297026152}
  m_Volume: 10cdd3cc16845be4a9f8c2e1226568f7
  m_Pitch: 137672c74a6ee344590b03aade1396ec
  m_Send: 00000000000000000000000000000000
  m_Effects:
  - {fileID: 24400004}
  m_UserColorIndex: 8
  m_Mute: 0
  m_Solo: 0
  m_BypassEffects: 0
--- !u!244 &24400004
AudioMixerEffectController:
  m_ObjectHideFlags: 3
  m_CorrespondingSourceObject: {fileID: 0}
  m_PrefabInstance: {fileID: 0}
  m_PrefabAsset: {fileID: 0}
  m_Name: 
  m_EffectID: 64ebfe03016238242b6ed7dd1c953ef2
  m_EffectName: Attenuation
  m_MixLevel: 8799599adbc779e46a0ddcfc6e5515ee
  m_Parameters: []
  m_SendTarget: {fileID: 0}
  m_EnableWetMix: 0
  m_Bypass: 0
--- !u!245 &24500006
AudioMixerSnapshotController:
  m_ObjectHideFlags: 0
  m_CorrespondingSourceObject: {fileID: 0}
  m_PrefabInstance: {fileID: 0}
  m_PrefabAsset: {fileID: 0}
  m_Name: Snapshot
  m_AudioMixer: {fileID: 24100000}
  m_SnapshotID: c2f6faaf4920d9f4abfa3c7bce6ba8c6
  m_FloatValues:
    459e80797f735104fafed54957b2ef4b: -0.08374829
  m_TransitionOverrides: {}
--- !u!244 &1425881633352570121
AudioMixerEffectController:
  m_ObjectHideFlags: 3
  m_CorrespondingSourceObject: {fileID: 0}
  m_PrefabInstance: {fileID: 0}
  m_PrefabAsset: {fileID: 0}
  m_Name: 
  m_EffectID: d11f0cf1601cdc847849c9129c50a7d4
  m_EffectName: Attenuation
  m_MixLevel: 9d19840ac3089df4fa0691cb803743d0
  m_Parameters: []
  m_SendTarget: {fileID: 0}
  m_EnableWetMix: 0
  m_Bypass: 0
--- !u!243 &1830943357824393331
AudioMixerGroupController:
  m_ObjectHideFlags: 0
  m_CorrespondingSourceObject: {fileID: 0}
  m_PrefabInstance: {fileID: 0}
  m_PrefabAsset: {fileID: 0}
  m_Name: Player
  m_AudioMixer: {fileID: 24100000}
  m_GroupID: f25a782e1e2dd5f46815b3c0f35da21f
  m_Children: []
  m_Volume: c82f52eb4fbc9524cabdb6d5f1f33fb8
  m_Pitch: f9203264d940c6a40a21207196a5f520
  m_Send: 00000000000000000000000000000000
  m_Effects:
  - {fileID: 4111230880508670885}
  m_UserColorIndex: 3
  m_Mute: 0
  m_Solo: 0
  m_BypassEffects: 0
--- !u!244 &2635873059762772642
AudioMixerEffectController:
  m_ObjectHideFlags: 3
  m_CorrespondingSourceObject: {fileID: 0}
  m_PrefabInstance: {fileID: 0}
  m_PrefabAsset: {fileID: 0}
  m_Name: Attenuation
  m_EffectID: 79f6f6b49cb1a764b822a5f4173f2adf
  m_EffectName: Attenuation
  m_MixLevel: a230ed9a9e0dd0546b9bf919c02de17e
  m_Parameters: []
  m_SendTarget: {fileID: 0}
  m_EnableWetMix: 0
  m_Bypass: 0
--- !u!244 &4111230880508670885
AudioMixerEffectController:
  m_ObjectHideFlags: 3
  m_CorrespondingSourceObject: {fileID: 0}
  m_PrefabInstance: {fileID: 0}
  m_PrefabAsset: {fileID: 0}
  m_Name: 
  m_EffectID: 95ae1af6904a22c49b1c6566fcfbbf6b
  m_EffectName: Attenuation
  m_MixLevel: 6fbec50406d0bb64ebe98e29a62edb51
  m_Parameters: []
  m_SendTarget: {fileID: 0}
  m_EnableWetMix: 0
  m_Bypass: 0
