%YAML 1.1
%TAG !u! tag:unity3d.com,2011:
--- !u!1 &4069762665212434033
GameObject:
  m_ObjectHideFlags: 0
  m_CorrespondingSourceObject: {fileID: 0}
  m_PrefabInstance: {fileID: 0}
  m_PrefabAsset: {fileID: 0}
  serializedVersion: 6
  m_Component:
  - component: {fileID: 5652861350219747293}
  m_Layer: 15
  m_Name: InteractableLocation
  m_TagString: Untagged
  m_Icon: {fileID: 0}
  m_NavMeshLayer: 0
  m_StaticEditorFlags: 0
  m_IsActive: 1
--- !u!4 &5652861350219747293
Transform:
  m_ObjectHideFlags: 0
  m_CorrespondingSourceObject: {fileID: 0}
  m_PrefabInstance: {fileID: 0}
  m_PrefabAsset: {fileID: 0}
  m_GameObject: {fileID: 4069762665212434033}
  m_LocalRotation: {x: 0, y: 0, z: 0, w: 1}
  m_LocalPosition: {x: 0, y: 0, z: 0}
  m_LocalScale: {x: 1, y: 1, z: 1}
  m_Children: []
  m_Father: {fileID: 6219293366357319788}
  m_RootOrder: 1
  m_LocalEulerAnglesHint: {x: 0, y: 0, z: 0}
--- !u!1 &5037820811033360452
GameObject:
  m_ObjectHideFlags: 0
  m_CorrespondingSourceObject: {fileID: 0}
  m_PrefabInstance: {fileID: 0}
  m_PrefabAsset: {fileID: 0}
  serializedVersion: 6
  m_Component:
  - component: {fileID: 5973566613004402249}
  m_Layer: 15
  m_Name: DefaultReactions
  m_TagString: Untagged
  m_Icon: {fileID: 0}
  m_NavMeshLayer: 0
  m_StaticEditorFlags: 0
  m_IsActive: 1
--- !u!4 &5973566613004402249
Transform:
  m_ObjectHideFlags: 0
  m_CorrespondingSourceObject: {fileID: 0}
  m_PrefabInstance: {fileID: 0}
  m_PrefabAsset: {fileID: 0}
  m_GameObject: {fileID: 5037820811033360452}
  m_LocalRotation: {x: -0, y: -0, z: -0, w: 1}
  m_LocalPosition: {x: 18.401001, y: 7.531, z: 47.211998}
  m_LocalScale: {x: 1, y: 1, z: 1}
  m_Children:
  - {fileID: 361475695141320254}
  m_Father: {fileID: 6219293366357319788}
  m_RootOrder: 2
  m_LocalEulerAnglesHint: {x: 0, y: 0, z: 0}
--- !u!1 &6219293366357319789
GameObject:
  m_ObjectHideFlags: 0
  m_CorrespondingSourceObject: {fileID: 0}
  m_PrefabInstance: {fileID: 0}
  m_PrefabAsset: {fileID: 0}
  serializedVersion: 6
  m_Component:
  - component: {fileID: 6219293366357319788}
  - component: {fileID: 6219293366357319791}
  - component: {fileID: 6219293366357319785}
  - component: {fileID: 6219293366357319784}
  - component: {fileID: 5705488363536632480}
  m_Layer: 15
  m_Name: Jade_Gem
  m_TagString: Untagged
  m_Icon: {fileID: -964228994112308473, guid: 0000000000000000d000000000000000, type: 0}
  m_NavMeshLayer: 0
  m_StaticEditorFlags: 0
  m_IsActive: 1
--- !u!4 &6219293366357319788
Transform:
  m_ObjectHideFlags: 0
  m_CorrespondingSourceObject: {fileID: 0}
  m_PrefabInstance: {fileID: 0}
  m_PrefabAsset: {fileID: 0}
  m_GameObject: {fileID: 6219293366357319789}
  m_LocalRotation: {x: 0, y: 0, z: 0, w: 1}
  m_LocalPosition: {x: -26.896, y: -7.531, z: -30.716}
  m_LocalScale: {x: 1, y: 1, z: 1}
  m_Children:
  - {fileID: 6219293367982443385}
  - {fileID: 5652861350219747293}
  - {fileID: 5973566613004402249}
  - {fileID: 4498739810699177335}
  m_Father: {fileID: 0}
  m_RootOrder: 0
  m_LocalEulerAnglesHint: {x: 0, y: 0, z: 0}
--- !u!65 &6219293366357319791
BoxCollider:
  m_ObjectHideFlags: 0
  m_CorrespondingSourceObject: {fileID: 0}
  m_PrefabInstance: {fileID: 0}
  m_PrefabAsset: {fileID: 0}
  m_GameObject: {fileID: 6219293366357319789}
  m_Material: {fileID: 0}
  m_IsTrigger: 1
  m_Enabled: 1
  serializedVersion: 2
  m_Size: {x: 1, y: 1, z: 1}
  m_Center: {x: 0, y: 0, z: 0}
--- !u!82 &6219293366357319785
AudioSource:
  m_ObjectHideFlags: 0
  m_CorrespondingSourceObject: {fileID: 0}
  m_PrefabInstance: {fileID: 0}
  m_PrefabAsset: {fileID: 0}
  m_GameObject: {fileID: 6219293366357319789}
  m_Enabled: 1
  serializedVersion: 4
  OutputAudioMixerGroup: {fileID: -792590081297026152, guid: 64e6b96f7fa0b514288cf7b7dd13d30a, type: 2}
  m_audioClip: {fileID: 8300000, guid: e31387d006bfce24b9bd7146b5c23732, type: 3}
  m_PlayOnAwake: 0
  m_Volume: 1
  m_Pitch: 1
  Loop: 0
  Mute: 0
  Spatialize: 0
  SpatializePostEffects: 0
  Priority: 128
  DopplerLevel: 1
  MinDistance: 1
  MaxDistance: 500
  Pan2D: 0
  rolloffMode: 0
  BypassEffects: 0
  BypassListenerEffects: 0
  BypassReverbZones: 0
  rolloffCustomCurve:
    serializedVersion: 2
    m_Curve:
    - serializedVersion: 3
      time: 0
      value: 1
      inSlope: 0
      outSlope: 0
      tangentMode: 0
      weightedMode: 0
      inWeight: 0.33333334
      outWeight: 0.33333334
    - serializedVersion: 3
      time: 1
      value: 0
      inSlope: 0
      outSlope: 0
      tangentMode: 0
      weightedMode: 0
      inWeight: 0.33333334
      outWeight: 0.33333334
    m_PreInfinity: 2
    m_PostInfinity: 2
    m_RotationOrder: 4
  panLevelCustomCurve:
    serializedVersion: 2
    m_Curve:
    - serializedVersion: 3
      time: 0
      value: 0
      inSlope: 0
      outSlope: 0
      tangentMode: 0
      weightedMode: 0
      inWeight: 0.33333334
      outWeight: 0.33333334
    m_PreInfinity: 2
    m_PostInfinity: 2
    m_RotationOrder: 4
  spreadCustomCurve:
    serializedVersion: 2
    m_Curve:
    - serializedVersion: 3
      time: 0
      value: 0
      inSlope: 0
      outSlope: 0
      tangentMode: 0
      weightedMode: 0
      inWeight: 0.33333334
      outWeight: 0.33333334
    m_PreInfinity: 2
    m_PostInfinity: 2
    m_RotationOrder: 4
  reverbZoneMixCustomCurve:
    serializedVersion: 2
    m_Curve:
    - serializedVersion: 3
      time: 0
      value: 1
      inSlope: 0
      outSlope: 0
      tangentMode: 0
      weightedMode: 0
      inWeight: 0.33333334
      outWeight: 0.33333334
    m_PreInfinity: 2
    m_PostInfinity: 2
    m_RotationOrder: 4
--- !u!95 &6219293366357319784
Animator:
  serializedVersion: 3
  m_ObjectHideFlags: 0
  m_CorrespondingSourceObject: {fileID: 0}
  m_PrefabInstance: {fileID: 0}
  m_PrefabAsset: {fileID: 0}
  m_GameObject: {fileID: 6219293366357319789}
  m_Enabled: 1
  m_Avatar: {fileID: 0}
  m_Controller: {fileID: 9100000, guid: bd029657608ae88438d274619d48f63e, type: 2}
  m_CullingMode: 0
  m_UpdateMode: 0
  m_ApplyRootMotion: 0
  m_LinearVelocityBlending: 0
  m_WarningMessage: 
  m_HasTransformHierarchy: 1
  m_AllowConstantClipSamplingOptimization: 1
  m_KeepAnimatorControllerStateOnDisable: 0
--- !u!114 &5705488363536632480
MonoBehaviour:
  m_ObjectHideFlags: 0
  m_CorrespondingSourceObject: {fileID: 0}
  m_PrefabInstance: {fileID: 0}
  m_PrefabAsset: {fileID: 0}
  m_GameObject: {fileID: 6219293366357319789}
  m_Enabled: 1
  m_EditorHideFlags: 0
  m_Script: {fileID: 11500000, guid: c9e9a79c1ffb885448a79be5080fbd7f, type: 3}
  m_Name: 
  m_EditorClassIdentifier: 
  interactionLocation: {fileID: 5652861350219747293}
  conditions:
  - canTaketheBlueGem
  lockPlayer: 0
  itemName: 
--- !u!1 &6219293367982443390
GameObject:
  m_ObjectHideFlags: 0
  m_CorrespondingSourceObject: {fileID: 0}
  m_PrefabInstance: {fileID: 0}
  m_PrefabAsset: {fileID: 0}
  serializedVersion: 6
  m_Component:
  - component: {fileID: 6219293367982443385}
  m_Layer: 0
  m_Name: Model
  m_TagString: Untagged
  m_Icon: {fileID: 0}
  m_NavMeshLayer: 0
  m_StaticEditorFlags: 0
  m_IsActive: 1
--- !u!4 &6219293367982443385
Transform:
  m_ObjectHideFlags: 0
  m_CorrespondingSourceObject: {fileID: 0}
  m_PrefabInstance: {fileID: 0}
  m_PrefabAsset: {fileID: 0}
  m_GameObject: {fileID: 6219293367982443390}
  m_LocalRotation: {x: 0, y: 0, z: 0, w: 1}
  m_LocalPosition: {x: 0, y: 0, z: 0}
  m_LocalScale: {x: 1, y: 1, z: 1}
  m_Children:
  - {fileID: 6643440955214299196}
  m_Father: {fileID: 6219293366357319788}
  m_RootOrder: 0
  m_LocalEulerAnglesHint: {x: 0, y: 0, z: 0}
--- !u!1 &6943282924444815327
GameObject:
  m_ObjectHideFlags: 0
  m_CorrespondingSourceObject: {fileID: 0}
  m_PrefabInstance: {fileID: 0}
  m_PrefabAsset: {fileID: 0}
  serializedVersion: 6
  m_Component:
  - component: {fileID: 4498739810699177335}
  m_Layer: 15
  m_Name: PositiveReactions
  m_TagString: Untagged
  m_Icon: {fileID: 0}
  m_NavMeshLayer: 0
  m_StaticEditorFlags: 0
  m_IsActive: 1
--- !u!4 &4498739810699177335
Transform:
  m_ObjectHideFlags: 0
  m_CorrespondingSourceObject: {fileID: 0}
  m_PrefabInstance: {fileID: 0}
  m_PrefabAsset: {fileID: 0}
  m_GameObject: {fileID: 6943282924444815327}
  m_LocalRotation: {x: -0, y: -0, z: -0, w: 1}
  m_LocalPosition: {x: 18.401001, y: 7.531, z: 47.211998}
  m_LocalScale: {x: 1, y: 1, z: 1}
  m_Children:
  - {fileID: 3475114920070848491}
  - {fileID: 8651427954257433131}
  - {fileID: 8170089394833081535}
  - {fileID: 2259576241163264136}
  - {fileID: 3107669391137191050}
  m_Father: {fileID: 6219293366357319788}
  m_RootOrder: 3
  m_LocalEulerAnglesHint: {x: 0, y: 0, z: 0}
--- !u!1001 &1436588821296107926
PrefabInstance:
  m_ObjectHideFlags: 0
  serializedVersion: 2
  m_Modification:
    m_TransformParent: {fileID: 4498739810699177335}
    m_Modifications:
    - target: {fileID: 2582215635406507645, guid: 4e0c49d7d80aec84a8f763994a8621ce, type: 3}
      propertyPath: m_RootOrder
      value: 0
      objectReference: {fileID: 0}
    - target: {fileID: 2582215635406507645, guid: 4e0c49d7d80aec84a8f763994a8621ce, type: 3}
      propertyPath: m_LocalPosition.x
      value: 0
      objectReference: {fileID: 0}
    - target: {fileID: 2582215635406507645, guid: 4e0c49d7d80aec84a8f763994a8621ce, type: 3}
      propertyPath: m_LocalPosition.y
      value: 0
      objectReference: {fileID: 0}
    - target: {fileID: 2582215635406507645, guid: 4e0c49d7d80aec84a8f763994a8621ce, type: 3}
      propertyPath: m_LocalPosition.z
      value: 0
      objectReference: {fileID: 0}
    - target: {fileID: 2582215635406507645, guid: 4e0c49d7d80aec84a8f763994a8621ce, type: 3}
      propertyPath: m_LocalRotation.w
      value: 1
      objectReference: {fileID: 0}
    - target: {fileID: 2582215635406507645, guid: 4e0c49d7d80aec84a8f763994a8621ce, type: 3}
      propertyPath: m_LocalRotation.x
      value: -0
      objectReference: {fileID: 0}
    - target: {fileID: 2582215635406507645, guid: 4e0c49d7d80aec84a8f763994a8621ce, type: 3}
      propertyPath: m_LocalRotation.y
      value: -0
      objectReference: {fileID: 0}
    - target: {fileID: 2582215635406507645, guid: 4e0c49d7d80aec84a8f763994a8621ce, type: 3}
      propertyPath: m_LocalRotation.z
      value: -0
      objectReference: {fileID: 0}
    - target: {fileID: 2582215635406507645, guid: 4e0c49d7d80aec84a8f763994a8621ce, type: 3}
      propertyPath: m_LocalEulerAnglesHint.x
      value: 0
      objectReference: {fileID: 0}
    - target: {fileID: 2582215635406507645, guid: 4e0c49d7d80aec84a8f763994a8621ce, type: 3}
      propertyPath: m_LocalEulerAnglesHint.y
      value: 0
      objectReference: {fileID: 0}
    - target: {fileID: 2582215635406507645, guid: 4e0c49d7d80aec84a8f763994a8621ce, type: 3}
      propertyPath: m_LocalEulerAnglesHint.z
      value: 0
      objectReference: {fileID: 0}
    - target: {fileID: 4275764921138211195, guid: 4e0c49d7d80aec84a8f763994a8621ce, type: 3}
      propertyPath: target
      value: 
      objectReference: {fileID: 6219293366357319784}
    - target: {fileID: 4275764921138211195, guid: 4e0c49d7d80aec84a8f763994a8621ce, type: 3}
      propertyPath: triggerName
      value: Collect
      objectReference: {fileID: 0}
    - target: {fileID: 5891676280502601006, guid: 4e0c49d7d80aec84a8f763994a8621ce, type: 3}
      propertyPath: m_Name
      value: ReactionAnimation
      objectReference: {fileID: 0}
    - target: {fileID: 5891676280502601006, guid: 4e0c49d7d80aec84a8f763994a8621ce, type: 3}
      propertyPath: m_IsActive
      value: 1
      objectReference: {fileID: 0}
    m_RemovedComponents: []
  m_SourcePrefab: {fileID: 100100000, guid: 4e0c49d7d80aec84a8f763994a8621ce, type: 3}
--- !u!4 &3475114920070848491 stripped
Transform:
  m_CorrespondingSourceObject: {fileID: 2582215635406507645, guid: 4e0c49d7d80aec84a8f763994a8621ce, type: 3}
  m_PrefabInstance: {fileID: 1436588821296107926}
  m_PrefabAsset: {fileID: 0}
--- !u!1001 &3749811722380746257
PrefabInstance:
  m_ObjectHideFlags: 0
  serializedVersion: 2
  m_Modification:
    m_TransformParent: {fileID: 4498739810699177335}
    m_Modifications:
    - target: {fileID: 1606251875226955211, guid: 0bbddba4b7d8f584cb249618deedacdf, type: 3}
      propertyPath: m_Name
      value: ReactionNextMission
      objectReference: {fileID: 0}
    - target: {fileID: 3121453564156411545, guid: 0bbddba4b7d8f584cb249618deedacdf, type: 3}
      propertyPath: m_RootOrder
      value: 3
      objectReference: {fileID: 0}
    - target: {fileID: 3121453564156411545, guid: 0bbddba4b7d8f584cb249618deedacdf, type: 3}
      propertyPath: m_LocalPosition.x
      value: 0
      objectReference: {fileID: 0}
    - target: {fileID: 3121453564156411545, guid: 0bbddba4b7d8f584cb249618deedacdf, type: 3}
      propertyPath: m_LocalPosition.y
      value: 0
      objectReference: {fileID: 0}
    - target: {fileID: 3121453564156411545, guid: 0bbddba4b7d8f584cb249618deedacdf, type: 3}
      propertyPath: m_LocalPosition.z
      value: 0
      objectReference: {fileID: 0}
    - target: {fileID: 3121453564156411545, guid: 0bbddba4b7d8f584cb249618deedacdf, type: 3}
      propertyPath: m_LocalRotation.w
      value: 1
      objectReference: {fileID: 0}
    - target: {fileID: 3121453564156411545, guid: 0bbddba4b7d8f584cb249618deedacdf, type: 3}
      propertyPath: m_LocalRotation.x
      value: -0
      objectReference: {fileID: 0}
    - target: {fileID: 3121453564156411545, guid: 0bbddba4b7d8f584cb249618deedacdf, type: 3}
      propertyPath: m_LocalRotation.y
      value: -0
      objectReference: {fileID: 0}
    - target: {fileID: 3121453564156411545, guid: 0bbddba4b7d8f584cb249618deedacdf, type: 3}
      propertyPath: m_LocalRotation.z
      value: -0
      objectReference: {fileID: 0}
    - target: {fileID: 3121453564156411545, guid: 0bbddba4b7d8f584cb249618deedacdf, type: 3}
      propertyPath: m_LocalEulerAnglesHint.x
      value: 0
      objectReference: {fileID: 0}
    - target: {fileID: 3121453564156411545, guid: 0bbddba4b7d8f584cb249618deedacdf, type: 3}
      propertyPath: m_LocalEulerAnglesHint.y
      value: 0
      objectReference: {fileID: 0}
    - target: {fileID: 3121453564156411545, guid: 0bbddba4b7d8f584cb249618deedacdf, type: 3}
      propertyPath: m_LocalEulerAnglesHint.z
      value: 0
      objectReference: {fileID: 0}
    m_RemovedComponents: []
  m_SourcePrefab: {fileID: 100100000, guid: 0bbddba4b7d8f584cb249618deedacdf, type: 3}
--- !u!4 &2259576241163264136 stripped
Transform:
  m_CorrespondingSourceObject: {fileID: 3121453564156411545, guid: 0bbddba4b7d8f584cb249618deedacdf, type: 3}
  m_PrefabInstance: {fileID: 3749811722380746257}
  m_PrefabAsset: {fileID: 0}
--- !u!1001 &4361112779727142766
PrefabInstance:
  m_ObjectHideFlags: 0
  serializedVersion: 2
  m_Modification:
    m_TransformParent: {fileID: 4498739810699177335}
    m_Modifications:
    - target: {fileID: 1703873789396995044, guid: eeb5fdc93796eee40bb1d0093792574f, type: 3}
      propertyPath: m_RootOrder
      value: 4
      objectReference: {fileID: 0}
    - target: {fileID: 1703873789396995044, guid: eeb5fdc93796eee40bb1d0093792574f, type: 3}
      propertyPath: m_LocalPosition.x
      value: 0
      objectReference: {fileID: 0}
    - target: {fileID: 1703873789396995044, guid: eeb5fdc93796eee40bb1d0093792574f, type: 3}
      propertyPath: m_LocalPosition.y
      value: 0
      objectReference: {fileID: 0}
    - target: {fileID: 1703873789396995044, guid: eeb5fdc93796eee40bb1d0093792574f, type: 3}
      propertyPath: m_LocalPosition.z
      value: 0
      objectReference: {fileID: 0}
    - target: {fileID: 1703873789396995044, guid: eeb5fdc93796eee40bb1d0093792574f, type: 3}
      propertyPath: m_LocalRotation.w
      value: 1
      objectReference: {fileID: 0}
    - target: {fileID: 1703873789396995044, guid: eeb5fdc93796eee40bb1d0093792574f, type: 3}
      propertyPath: m_LocalRotation.x
      value: -0
      objectReference: {fileID: 0}
    - target: {fileID: 1703873789396995044, guid: eeb5fdc93796eee40bb1d0093792574f, type: 3}
      propertyPath: m_LocalRotation.y
      value: -0
      objectReference: {fileID: 0}
    - target: {fileID: 1703873789396995044, guid: eeb5fdc93796eee40bb1d0093792574f, type: 3}
      propertyPath: m_LocalRotation.z
      value: -0
      objectReference: {fileID: 0}
    - target: {fileID: 1703873789396995044, guid: eeb5fdc93796eee40bb1d0093792574f, type: 3}
      propertyPath: m_LocalEulerAnglesHint.x
      value: 0
      objectReference: {fileID: 0}
    - target: {fileID: 1703873789396995044, guid: eeb5fdc93796eee40bb1d0093792574f, type: 3}
      propertyPath: m_LocalEulerAnglesHint.y
      value: 0
      objectReference: {fileID: 0}
    - target: {fileID: 1703873789396995044, guid: eeb5fdc93796eee40bb1d0093792574f, type: 3}
      propertyPath: m_LocalEulerAnglesHint.z
      value: 0
      objectReference: {fileID: 0}
    - target: {fileID: 3079983602411575478, guid: eeb5fdc93796eee40bb1d0093792574f, type: 3}
      propertyPath: m_Name
      value: ReactionTakeItem
      objectReference: {fileID: 0}
    - target: {fileID: 5736457482476477506, guid: eeb5fdc93796eee40bb1d0093792574f, type: 3}
      propertyPath: item
      value: 
      objectReference: {fileID: 6219293366357319789}
    - target: {fileID: 5736457482476477506, guid: eeb5fdc93796eee40bb1d0093792574f, type: 3}
      propertyPath: amount
      value: 1
      objectReference: {fileID: 0}
    m_RemovedComponents: []
  m_SourcePrefab: {fileID: 100100000, guid: eeb5fdc93796eee40bb1d0093792574f, type: 3}
--- !u!4 &3107669391137191050 stripped
Transform:
  m_CorrespondingSourceObject: {fileID: 1703873789396995044, guid: eeb5fdc93796eee40bb1d0093792574f, type: 3}
  m_PrefabInstance: {fileID: 4361112779727142766}
  m_PrefabAsset: {fileID: 0}
--- !u!1001 &6609181045401708503
PrefabInstance:
  m_ObjectHideFlags: 0
  serializedVersion: 2
  m_Modification:
    m_TransformParent: {fileID: 6219293367982443385}
    m_Modifications:
    - target: {fileID: -8679921383154817045, guid: f0013dfd7ccb240438355198b29fcf02, type: 3}
      propertyPath: m_RootOrder
      value: 0
      objectReference: {fileID: 0}
    - target: {fileID: -8679921383154817045, guid: f0013dfd7ccb240438355198b29fcf02, type: 3}
      propertyPath: m_LocalPosition.x
      value: 0
      objectReference: {fileID: 0}
    - target: {fileID: -8679921383154817045, guid: f0013dfd7ccb240438355198b29fcf02, type: 3}
      propertyPath: m_LocalPosition.y
      value: 0
      objectReference: {fileID: 0}
    - target: {fileID: -8679921383154817045, guid: f0013dfd7ccb240438355198b29fcf02, type: 3}
      propertyPath: m_LocalPosition.z
      value: 0
      objectReference: {fileID: 0}
    - target: {fileID: -8679921383154817045, guid: f0013dfd7ccb240438355198b29fcf02, type: 3}
      propertyPath: m_LocalRotation.w
      value: 1
      objectReference: {fileID: 0}
    - target: {fileID: -8679921383154817045, guid: f0013dfd7ccb240438355198b29fcf02, type: 3}
      propertyPath: m_LocalRotation.x
      value: 0.000000081460335
      objectReference: {fileID: 0}
    - target: {fileID: -8679921383154817045, guid: f0013dfd7ccb240438355198b29fcf02, type: 3}
      propertyPath: m_LocalRotation.y
      value: 0
      objectReference: {fileID: 0}
    - target: {fileID: -8679921383154817045, guid: f0013dfd7ccb240438355198b29fcf02, type: 3}
      propertyPath: m_LocalRotation.z
      value: -0
      objectReference: {fileID: 0}
    - target: {fileID: -8679921383154817045, guid: f0013dfd7ccb240438355198b29fcf02, type: 3}
      propertyPath: m_LocalEulerAnglesHint.x
      value: 0
      objectReference: {fileID: 0}
    - target: {fileID: -8679921383154817045, guid: f0013dfd7ccb240438355198b29fcf02, type: 3}
      propertyPath: m_LocalEulerAnglesHint.y
      value: 0
      objectReference: {fileID: 0}
    - target: {fileID: -8679921383154817045, guid: f0013dfd7ccb240438355198b29fcf02, type: 3}
      propertyPath: m_LocalEulerAnglesHint.z
      value: 0
      objectReference: {fileID: 0}
    - target: {fileID: -7511558181221131132, guid: f0013dfd7ccb240438355198b29fcf02, type: 3}
      propertyPath: m_Materials.Array.data[0]
      value: 
      objectReference: {fileID: 2100000, guid: 0887161b852f0854ab64abd98bfef960, type: 2}
    - target: {fileID: 919132149155446097, guid: f0013dfd7ccb240438355198b29fcf02, type: 3}
      propertyPath: m_Name
      value: gema_jade
      objectReference: {fileID: 0}
    m_RemovedComponents: []
  m_SourcePrefab: {fileID: 100100000, guid: f0013dfd7ccb240438355198b29fcf02, type: 3}
--- !u!4 &6643440955214299196 stripped
Transform:
  m_CorrespondingSourceObject: {fileID: -8679921383154817045, guid: f0013dfd7ccb240438355198b29fcf02, type: 3}
  m_PrefabInstance: {fileID: 6609181045401708503}
  m_PrefabAsset: {fileID: 0}
--- !u!1001 &6612925357512940630
PrefabInstance:
  m_ObjectHideFlags: 0
  serializedVersion: 2
  m_Modification:
    m_TransformParent: {fileID: 4498739810699177335}
    m_Modifications:
    - target: {fileID: 2582215635406507645, guid: 4e0c49d7d80aec84a8f763994a8621ce, type: 3}
      propertyPath: m_RootOrder
      value: 1
      objectReference: {fileID: 0}
    - target: {fileID: 2582215635406507645, guid: 4e0c49d7d80aec84a8f763994a8621ce, type: 3}
      propertyPath: m_LocalPosition.x
      value: 0
      objectReference: {fileID: 0}
    - target: {fileID: 2582215635406507645, guid: 4e0c49d7d80aec84a8f763994a8621ce, type: 3}
      propertyPath: m_LocalPosition.y
      value: 0
      objectReference: {fileID: 0}
    - target: {fileID: 2582215635406507645, guid: 4e0c49d7d80aec84a8f763994a8621ce, type: 3}
      propertyPath: m_LocalPosition.z
      value: 0
      objectReference: {fileID: 0}
    - target: {fileID: 2582215635406507645, guid: 4e0c49d7d80aec84a8f763994a8621ce, type: 3}
      propertyPath: m_LocalRotation.w
      value: 1
      objectReference: {fileID: 0}
    - target: {fileID: 2582215635406507645, guid: 4e0c49d7d80aec84a8f763994a8621ce, type: 3}
      propertyPath: m_LocalRotation.x
      value: -0
      objectReference: {fileID: 0}
    - target: {fileID: 2582215635406507645, guid: 4e0c49d7d80aec84a8f763994a8621ce, type: 3}
      propertyPath: m_LocalRotation.y
      value: -0
      objectReference: {fileID: 0}
    - target: {fileID: 2582215635406507645, guid: 4e0c49d7d80aec84a8f763994a8621ce, type: 3}
      propertyPath: m_LocalRotation.z
      value: -0
      objectReference: {fileID: 0}
    - target: {fileID: 2582215635406507645, guid: 4e0c49d7d80aec84a8f763994a8621ce, type: 3}
      propertyPath: m_LocalEulerAnglesHint.x
      value: 0
      objectReference: {fileID: 0}
    - target: {fileID: 2582215635406507645, guid: 4e0c49d7d80aec84a8f763994a8621ce, type: 3}
      propertyPath: m_LocalEulerAnglesHint.y
      value: 0
      objectReference: {fileID: 0}
    - target: {fileID: 2582215635406507645, guid: 4e0c49d7d80aec84a8f763994a8621ce, type: 3}
      propertyPath: m_LocalEulerAnglesHint.z
      value: 0
      objectReference: {fileID: 0}
    - target: {fileID: 4275764921138211195, guid: 4e0c49d7d80aec84a8f763994a8621ce, type: 3}
      propertyPath: target
      value: 
      objectReference: {fileID: 6219293366357319784}
    - target: {fileID: 4275764921138211195, guid: 4e0c49d7d80aec84a8f763994a8621ce, type: 3}
      propertyPath: triggerName
      value: Collect
      objectReference: {fileID: 0}
    - target: {fileID: 5891676280502601006, guid: 4e0c49d7d80aec84a8f763994a8621ce, type: 3}
      propertyPath: m_Name
      value: ReactionAnimation
      objectReference: {fileID: 0}
    - target: {fileID: 5891676280502601006, guid: 4e0c49d7d80aec84a8f763994a8621ce, type: 3}
      propertyPath: m_IsActive
      value: 1
      objectReference: {fileID: 0}
    m_RemovedComponents: []
  m_SourcePrefab: {fileID: 100100000, guid: 4e0c49d7d80aec84a8f763994a8621ce, type: 3}
--- !u!4 &8651427954257433131 stripped
Transform:
  m_CorrespondingSourceObject: {fileID: 2582215635406507645, guid: 4e0c49d7d80aec84a8f763994a8621ce, type: 3}
  m_PrefabInstance: {fileID: 6612925357512940630}
  m_PrefabAsset: {fileID: 0}
--- !u!1001 &8446581239811512592
PrefabInstance:
  m_ObjectHideFlags: 0
  serializedVersion: 2
  m_Modification:
    m_TransformParent: {fileID: 4498739810699177335}
    m_Modifications:
    - target: {fileID: 313481649587740072, guid: e48218514e5481f44abd96fb7d539a4a, type: 3}
      propertyPath: m_Name
      value: ReactionSound
      objectReference: {fileID: 0}
    - target: {fileID: 313481649587740078, guid: e48218514e5481f44abd96fb7d539a4a, type: 3}
      propertyPath: audioClip
      value: 
      objectReference: {fileID: 8300000, guid: e31387d006bfce24b9bd7146b5c23732, type: 3}
    - target: {fileID: 313481649587740079, guid: e48218514e5481f44abd96fb7d539a4a, type: 3}
      propertyPath: m_RootOrder
      value: 2
      objectReference: {fileID: 0}
    - target: {fileID: 313481649587740079, guid: e48218514e5481f44abd96fb7d539a4a, type: 3}
      propertyPath: m_LocalPosition.x
      value: 0
      objectReference: {fileID: 0}
    - target: {fileID: 313481649587740079, guid: e48218514e5481f44abd96fb7d539a4a, type: 3}
      propertyPath: m_LocalPosition.y
      value: 0
      objectReference: {fileID: 0}
    - target: {fileID: 313481649587740079, guid: e48218514e5481f44abd96fb7d539a4a, type: 3}
      propertyPath: m_LocalPosition.z
      value: 0
      objectReference: {fileID: 0}
    - target: {fileID: 313481649587740079, guid: e48218514e5481f44abd96fb7d539a4a, type: 3}
      propertyPath: m_LocalRotation.w
      value: 1
      objectReference: {fileID: 0}
    - target: {fileID: 313481649587740079, guid: e48218514e5481f44abd96fb7d539a4a, type: 3}
      propertyPath: m_LocalRotation.x
      value: -0
      objectReference: {fileID: 0}
    - target: {fileID: 313481649587740079, guid: e48218514e5481f44abd96fb7d539a4a, type: 3}
      propertyPath: m_LocalRotation.y
      value: -0
      objectReference: {fileID: 0}
    - target: {fileID: 313481649587740079, guid: e48218514e5481f44abd96fb7d539a4a, type: 3}
      propertyPath: m_LocalRotation.z
      value: -0
      objectReference: {fileID: 0}
    - target: {fileID: 313481649587740079, guid: e48218514e5481f44abd96fb7d539a4a, type: 3}
      propertyPath: m_LocalEulerAnglesHint.x
      value: 0
      objectReference: {fileID: 0}
    - target: {fileID: 313481649587740079, guid: e48218514e5481f44abd96fb7d539a4a, type: 3}
      propertyPath: m_LocalEulerAnglesHint.y
      value: 0
      objectReference: {fileID: 0}
    - target: {fileID: 313481649587740079, guid: e48218514e5481f44abd96fb7d539a4a, type: 3}
      propertyPath: m_LocalEulerAnglesHint.z
      value: 0
      objectReference: {fileID: 0}
    m_RemovedComponents: []
  m_SourcePrefab: {fileID: 100100000, guid: e48218514e5481f44abd96fb7d539a4a, type: 3}
--- !u!4 &8170089394833081535 stripped
Transform:
  m_CorrespondingSourceObject: {fileID: 313481649587740079, guid: e48218514e5481f44abd96fb7d539a4a, type: 3}
  m_PrefabInstance: {fileID: 8446581239811512592}
  m_PrefabAsset: {fileID: 0}
--- !u!1001 &8858153153077571936
PrefabInstance:
  m_ObjectHideFlags: 0
  serializedVersion: 2
  m_Modification:
    m_TransformParent: {fileID: 5973566613004402249}
    m_Modifications:
    - target: {fileID: 4386468917986299118, guid: 42270ebdb1efcd14ba43615aed0ba0a6, type: 3}
      propertyPath: textID
      value: YouCantTakeTheGem
      objectReference: {fileID: 0}
    - target: {fileID: 4386468917986299118, guid: 42270ebdb1efcd14ba43615aed0ba0a6, type: 3}
      propertyPath: textColor.b
      value: 1
      objectReference: {fileID: 0}
    - target: {fileID: 4386468917986299118, guid: 42270ebdb1efcd14ba43615aed0ba0a6, type: 3}
      propertyPath: textColor.g
      value: 1
      objectReference: {fileID: 0}
    - target: {fileID: 4386468917986299118, guid: 42270ebdb1efcd14ba43615aed0ba0a6, type: 3}
      propertyPath: textColor.r
      value: 1
      objectReference: {fileID: 0}
    - target: {fileID: 4386468917986299118, guid: 42270ebdb1efcd14ba43615aed0ba0a6, type: 3}
      propertyPath: characterName
      value: Your conscience
      objectReference: {fileID: 0}
    - target: {fileID: 7175761202498873769, guid: 42270ebdb1efcd14ba43615aed0ba0a6, type: 3}
      propertyPath: m_Name
      value: ReactionText
      objectReference: {fileID: 0}
    - target: {fileID: 9217253696841451358, guid: 42270ebdb1efcd14ba43615aed0ba0a6, type: 3}
      propertyPath: m_RootOrder
      value: 0
      objectReference: {fileID: 0}
    - target: {fileID: 9217253696841451358, guid: 42270ebdb1efcd14ba43615aed0ba0a6, type: 3}
      propertyPath: m_LocalPosition.x
      value: 0
      objectReference: {fileID: 0}
    - target: {fileID: 9217253696841451358, guid: 42270ebdb1efcd14ba43615aed0ba0a6, type: 3}
      propertyPath: m_LocalPosition.y
      value: 0
      objectReference: {fileID: 0}
    - target: {fileID: 9217253696841451358, guid: 42270ebdb1efcd14ba43615aed0ba0a6, type: 3}
      propertyPath: m_LocalPosition.z
      value: 0
      objectReference: {fileID: 0}
    - target: {fileID: 9217253696841451358, guid: 42270ebdb1efcd14ba43615aed0ba0a6, type: 3}
      propertyPath: m_LocalRotation.w
      value: 1
      objectReference: {fileID: 0}
    - target: {fileID: 9217253696841451358, guid: 42270ebdb1efcd14ba43615aed0ba0a6, type: 3}
      propertyPath: m_LocalRotation.x
      value: 0
      objectReference: {fileID: 0}
    - target: {fileID: 9217253696841451358, guid: 42270ebdb1efcd14ba43615aed0ba0a6, type: 3}
      propertyPath: m_LocalRotation.y
      value: 0
      objectReference: {fileID: 0}
    - target: {fileID: 9217253696841451358, guid: 42270ebdb1efcd14ba43615aed0ba0a6, type: 3}
      propertyPath: m_LocalRotation.z
      value: 0
      objectReference: {fileID: 0}
    - target: {fileID: 9217253696841451358, guid: 42270ebdb1efcd14ba43615aed0ba0a6, type: 3}
      propertyPath: m_LocalEulerAnglesHint.x
      value: 0
      objectReference: {fileID: 0}
    - target: {fileID: 9217253696841451358, guid: 42270ebdb1efcd14ba43615aed0ba0a6, type: 3}
      propertyPath: m_LocalEulerAnglesHint.y
      value: 0
      objectReference: {fileID: 0}
    - target: {fileID: 9217253696841451358, guid: 42270ebdb1efcd14ba43615aed0ba0a6, type: 3}
      propertyPath: m_LocalEulerAnglesHint.z
      value: 0
      objectReference: {fileID: 0}
    m_RemovedComponents: []
  m_SourcePrefab: {fileID: 100100000, guid: 42270ebdb1efcd14ba43615aed0ba0a6, type: 3}
--- !u!4 &361475695141320254 stripped
Transform:
  m_CorrespondingSourceObject: {fileID: 9217253696841451358, guid: 42270ebdb1efcd14ba43615aed0ba0a6, type: 3}
  m_PrefabInstance: {fileID: 8858153153077571936}
  m_PrefabAsset: {fileID: 0}
